@article{beiraodaveiga2013,
  title = {Basic Principles of Virtual Element Methods},
  author = {Beirão Da Veiga, L. and Brezzi, F. and Cangiani, A. and Manzini, G. and Marini, L. D. and Russo, A.},
  date = {2013-01},
  journaltitle = {Mathematical Models and Methods in Applied Sciences},
  shortjournal = {Math. Models Methods Appl. Sci.},
  volume = {23},
  number = {01},
  pages = {199--214},
  publisher = {World Scientific Publishing Co.},
  issn = {0218-2025},
  urldate = {2022-08-01}
}

@article{berrone2024,
  title = {A Stabilization-Free {{Virtual Element Method}} Based on Divergence-Free Projections},
  author = {Berrone, Stefano and Borio, Andrea and Marcon, Francesca},
  date = {2024-05-01},
  journaltitle = {Computer Methods in Applied Mechanics and Engineering},
  shortjournal = {Computer Methods in Applied Mechanics and Engineering},
  volume = {424},
  pages = {116885},
  issn = {0045-7825},
  urldate = {2024-03-08}
}

@article{chen2024,
  title = {Virtual {{Element Methods Without Extrinsic Stabilization}}},
  author = {Chen, Chunyu and Huang, Xuehai and Wei, Huayi},
  date = {2024-02-29},
  journaltitle = {SIAM Journal on Numerical Analysis},
  shortjournal = {SIAM J. Numer. Anal.},
  pages = {567--591},
  publisher = {{Society for Industrial and Applied Mathematics}},
  issn = {0036-1429},
  urldate = {2024-02-26}
}

@article{mengolini2019,
  title = {An Engineering Perspective to the Virtual Element Method and Its Interplay with the Standard Finite Element Method},
  author = {Mengolini, Michael and Benedetto, Matías F. and Aragón, Alejandro M.},
  date = {2019-06-15},
  journaltitle = {Computer Methods in Applied Mechanics and Engineering},
  shortjournal = {Computer Methods in Applied Mechanics and Engineering},
  volume = {350},
  pages = {995--1023},
  issn = {0045-7825},
  urldate = {2022-08-01},
  langid = {english}
}

@article{veiga2013,
  title = {Virtual {{Elements}} for {{Linear Elasticity Problems}}},
  author = {family=Veiga, given=L. Beira͂o, prefix=da, useprefix=false and Brezzi, F. and Marini, L. D.},
  date = {2013-03-05},
  journaltitle = {SIAM Journal on Numerical Analysis},
  shortjournal = {SIAM J. Numer. Anal.},
  volume = {51},
  number = {2},
  pages = {794--812},
  publisher = {{Society for Industrial and Applied Mathematics}},
  issn = {0036-1429, 1095-7170},
  urldate = {2022-08-01},
  langid = {english}
}

@article{yaw,
  title = {A Co-Rotational Virtual Element Method for {{2D}} Elasticity and Plasticity},
  author = {Yaw, Louie L.},
  journaltitle = {International Journal for Numerical Methods in Engineering},
  volume = {n/a},
  number = {n/a},
  pages = {e7404},
  issn = {1097-0207},
  urldate = {2023-12-14},
  langid = {english}
}
