@article{chen2019a,
  title = {Bridge Influence Line Identification Based on Adaptive {{B-spline}} Basis Dictionary and Sparse Regularization},
  author = {Chen, Zhiwei and Yang, Weibiao and Li, Jun and Yi, Tinghua and Wu, Junchao and Wang, Dongdong},
  date = {2019},
  journaltitle = {Structural Control and Health Monitoring},
  volume = {26},
  number = {6},
  pages = {e2355},
  issn = {1545-2263},
  langid = {english}
}

@article{Deng2019,
  title = {薄板分析的线性基梯度光滑伽辽金无网格法},
  author = {邓, 立克 and 王, 东东 and 王, 家睿 and 吴, 俊超},
  date = {2019-05-28},
  journaltitle = {力学学报},
  volume = {51},
  number = {3},
  pages = {690--702}
}

@article{du2022,
  title = {A Unified Reproducing Kernel Gradient Smoothing {{Galerkin}} Meshfree Approach to Strain Gradient Elasticity},
  author = {Du, Honghui and Wu, Junchao and Wang, Dongdong and Chen, Jian},
  date = {2022-07-01},
  journaltitle = {Computational Mechanics},
  shortjournal = {Comput Mech},
  volume = {70},
  number = {1},
  pages = {73--100},
  publisher = {Springer Berlin Heidelberg},
  issn = {1432-0924},
  urldate = {2022-05-05},
  langid = {english}
}

@article{lin2023a,
  title = {Three Dimensional Meshfree Analysis for Time-{{Caputo}} and Space-{{Laplacian}} Fractional Diffusion Equation},
  author = {Lin, Zeng and Liu, Fawang and Wu, Junchao and Wang, Dongdong and Gu, Yuantong},
  date = {2023-12-01},
  journaltitle = {Engineering Analysis with Boundary Elements},
  shortjournal = {Engineering Analysis with Boundary Elements},
  volume = {157},
  pages = {553--564},
  issn = {0955-7997},
  urldate = {2023-10-16}
}

@article{wang2016b,
  title = {An Efficient Nesting Sub-Domain Gradient Smoothing Integration Algorithm with Quadratic Exactness for {{Galerkin}} Meshfree Methods},
  author = {Wang, Dongdong and Wu, Junchao},
  date = {2016},
  journaltitle = {Computer Methods in Applied Mechanics and Engineering},
  volume = {298},
  pages = {485--519},
  issn = {00457825}
}

@article{wang2017,
  title = {A quadrature-based superconvergent isogeometric frequency analysis with macro-integration cells and quadratic splines},
  author = {Wang, Dongdong and Liang, Qingwen and Wu, Junchao},
  date = {2017},
  journaltitle = {Computer Methods in Applied Mechanics and Engineering},
  volume = {320},
  pages = {712--744},
  issn = {00457825},
  langid = {English LB - Wang2017}
}

@article{wang2018,
  title = {Superconvergent Gradient Smoothing Meshfree Collocation Method},
  author = {Wang, Dongdong and Wang, Jiarui and Wu, Junchao},
  date = {2018-10},
  journaltitle = {Computer Methods in Applied Mechanics and Engineering},
  volume = {340},
  pages = {728--766},
  issn = {00457825}
}

@article{wang2019,
  title = {A Three-Dimensional Two-Level Gradient Smoothing Meshfree Method for Rainfall Induced Landslide Simulations},
  author = {Wang, Dongdong and Wang, Jiarui and Wu, Junchao and Deng, Junjun and Sun, Ming},
  date = {2019-04-01},
  journaltitle = {Frontiers of Structural and Civil Engineering},
  shortjournal = {Front. Struct. Civ. Eng.},
  volume = {13},
  number = {2},
  eprint = {13199691},
  eprinttype = {pmid},
  pages = {337--352},
  issn = {2095-2449},
  langid = {english}
}

@article{wang2019a,
  title = {An Inherently Consistent Reproducing Kernel Gradient Smoothing Framework toward Efficient {{Galerkin}} Meshfree Formulation with Explicit Quadrature},
  author = {Wang, Dongdong and Wu, Junchao},
  date = {2019-06},
  journaltitle = {Computer Methods in Applied Mechanics and Engineering},
  volume = {349},
  pages = {628--672},
  issn = {00457825}
}

@article{wang2020b,
  title = {A Quasi-Consistent Integration Method for Efficient Meshfree Analysis of {{Helmholtz}} Problems with Plane Wave Basis Functions},
  author = {Wang, Jiarui and Wu, Junchao and Wang, Dongdong},
  date = {2020-01-01},
  journaltitle = {Engineering Analysis with Boundary Elements},
  shortjournal = {Engineering Analysis with Boundary Elements},
  volume = {110},
  pages = {42--55},
  issn = {0955-7997},
  urldate = {2019-11-21},
  langid = {english}
}

@article{wang2020e,
  title = {Arbitrary Order Recursive Formulation of Meshfree Gradients with Application to Superconvergent Collocation Analysis of {{Kirchhoff}} Plates},
  author = {Wang, Dongdong and Wang, Jiarui and Wu, Junchao},
  date = {2020-03-01},
  journaltitle = {Computational Mechanics},
  shortjournal = {Comput Mech},
  volume = {65},
  number = {3},
  pages = {877--903},
  issn = {0178-7675, 1432-0924},
  urldate = {2019-12-11},
  langid = {english}
}

@article{Wu2016,
  title = {伽辽金型无网格法的数值积分方法},
  author = {吴, 俊超 and 邓, 俊俊 and 王, 家睿 and 王, 东东},
  date = {2016},
  journaltitle = {固体力学学报},
  volume = {3},
  number = {37},
  pages = {208--233}
}

@article{wu2016a,
  title = {A Review of Numerical Integration Approaches for {{Galerkin}} Meshfree Methods},
  author = {Wu, Junchao and Deng, Junjun and Wang, Jiarui and Wang, Dongdong},
  date = {2016},
  journaltitle = {Chinese Journal of Solid Mechanics},
  volume = {3},
  number = {37},
  pages = {208--233}
}

@article{wu2018a,
  title = {A Meshfree Higher Order Mass Matrix Formulation for Structural Vibration Analysis},
  author = {Wu, Junchao and Wang, Dongdong and Lin, Zeng},
  date = {2018-03-14},
  journaltitle = {International Journal of Structural Stability and Dynamics},
  shortjournal = {Int. J. Str. Stab. Dyn.},
  volume = {18},
  number = {10},
  pages = {1850121},
  issn = {0219-4554}
}

@article{wu2020a,
  title = {An Efficient Gradient Smoothing Meshfree Formulation for the Fourth-Order Phase Field Modeling of Brittle Fracture},
  author = {Wu, Junchao and Wang, Dongdong and Lin, Zeng and Qi, Dongliang},
  date = {2020-03-01},
  journaltitle = {Computational Particle Mechanics},
  shortjournal = {Comp. Part. Mech.},
  volume = {7},
  number = {2},
  pages = {193--207},
  issn = {2196-4386},
  langid = {english}
}

@article{wu2021,
  title = {An Accuracy Analysis of {{Galerkin}} Meshfree Methods Accounting for Numerical Integration},
  author = {Wu, Junchao and Wang, Dongdong},
  date = {2021-03-01},
  journaltitle = {Computer Methods in Applied Mechanics and Engineering},
  shortjournal = {Computer Methods in Applied Mechanics and Engineering},
  volume = {375},
  pages = {113631},
  issn = {0045-7825},
  urldate = {2020-12-28},
  langid = {english}
}

@article{Wu2022,
  title = {基于Hellinger-Reissner变分原理的一致高效无网格本质边界条件施加方法},
  author = {吴, 俊超 and 吴, 新瑜 and 赵, 珧冰 and 王, 东东},
  date = {2022},
  journaltitle = {力学学报},
  shortjournal = {lxxb},
  publisher = {力学学报},
  issn = {0459-1879},
  urldate = {2022-05-28},
  langid = {chinese}
}

@article{Wu2022a,
  title = {基于赫林格−赖斯纳变分原理的一致高效无网格本质边界条件施加方法},
  author = {吴, 俊超 and 吴, 新瑜 and 赵, 珧冰 and 王, 东东},
  date = {2022-12-18},
  journaltitle = {力学学报},
  shortjournal = {lxxb},
  volume = {54},
  number = {12},
  pages = {3283--3296},
  publisher = {力学学报},
  issn = {0459-1879},
  urldate = {2023-01-02},
  langid = {chinese}
}

@article{wu2022a,
  title = {A Consistent and Efficient Method for Imposing Meshfree Essential Boundary Conditions via Hellinger-Reissner Variational Principle.},
  author = {Wu, Junchao and Wu, Xinyu and Zhao, Yaobing and Wang, Dongdong},
  date = {2022},
  journaltitle = {Chinese Journal of Theoretical and Applied Mechanics},
  volume = {54},
  number = {12},
  pages = {3283--3296}
}

@article{wu2023,
  title = {A Rotation-Free {{Hellinger-Reissner}} Meshfree Thin Plate Formulation Naturally Accommodating Essential Boundary Conditions},
  author = {Wu, Junchao and Wu, Xinyu and Zhao, Yaobing and Wang, Dongdong},
  date = {2023-09-01},
  journaltitle = {Engineering Analysis with Boundary Elements},
  shortjournal = {Engineering Analysis with Boundary Elements},
  volume = {154},
  pages = {122--140},
  issn = {0955-7997},
  urldate = {2023-06-01},
  langid = {english}
}

@article{yang2016,
  title = {Plasmonic Twinned Silver Nanoparticles with Molecular Precision},
  author = {Yang, Huayan and Wang, Yu and Chen, Xi and Zhao, Xiaojing and Gu, Lin and Huang, Huaqi and Yan, Juanzhu and Xu, Chaofa and Li, Gang and Wu, Junchao and Edwards, Alison J. and Dittrich, Birger and Tang, Zichao and Wang, Dongdong and Lehtovaara, Lauri and Häkkinen, Hannu and Zheng, Nanfeng},
  date = {2016-09},
  journaltitle = {Nature Communications},
  volume = {7},
  eprint = {27611564},
  eprinttype = {pmid},
  pages = {12809},
  issn = {00094722}
}

@article{zhang2015a,
  title = {Free Vibration Analysis of Cracked Thin Plates by Quasi-Convex Coupled Isogeometric-Meshfree Method},
  author = {Zhang, Hanjie and Wu, Junchao and Wang, Dongdong},
  date = {2015},
  journaltitle = {Journal of Contemporary Physics},
  volume = {50},
  number = {4},
  pages = {405--419},
  issn = {19349378}
}
